@inproceedings{Nusko-Bianka2016-238135,
  author = {Nusko, Bianka and Tahmasebi, Nina and Mogren, Olof},
  booktitle = {Digital Humanities 2016. From Digitization to Knowledge 2016: Resources and Methods for Semantic Processing of Digital Works/Texts},
   isbn = {978-91-7685-733-5},
  issn = {1650-3740},
   number = 006,
  pages = {32----37},
  publisher = {Link√∂ping Electronic Conference Proceedings},
   title = {Building a Sentiment Lexicon for Swedish},
  volume = 126,
  year = 2016
}

