@misc{schlechtweg2023durel,
      title={The DURel Annotation Tool: Human and Computational Measurement of Semantic Proximity, Sense Clusters and Semantic Change}, 
      author={Dominik Schlechtweg and Shafqat Mumtaz Virk and Pauline Sander and Emma Sk√∂ldberg and Lukas Theuer Linke and Tuo Zhang and Nina Tahmasebi and Jonas Kuhn and Sabine Schulte im Walde},
      year={2023},
      eprint={2311.12664},
      archivePrefix={arXiv},
      primaryClass={cs.CL}
}