@inproceedings{tahmasebi2008terminology,
	author = {Tahmasebi, Nina and Iofciu, Tereza and Risse, Thomas and Niederee, Claudia and Siberski, Wolf},
	booktitle = {8th International Web Archiving Workshop in conjunction with ECDL 2008, Aarhus, Denmark},
	interhash = {bd66069a94f377280da9b2e0a83190ae},
	intrahash = {acc61994e5c6ed80f3dfe709ac777442},
	title = {Terminology Evolution in Web Archiving: Open Issues},
	url = {http://www.l3s.de/~risse/pub/iwaw2008.pdf},
	year = 2008
}