@inproceedings{periti2024chatgpt,
    title = {(Chat)GPT v BERT: Dawn of Justice for Semantic Change Detection}, 
    author={Francesco Periti and Haim Dubossarsky and Nina Tahmasebi},
    booktitle = "Accepted in Findings of the Association for Computational Linguistics: EACL 2024",
    url = "https://arxiv.org/abs/2401.14040",
    month = may,
    year = "2024",
    address = "Malta",
    publisher = "Association for Computational Linguistics",
 }
