@phdthesis{tahmasebi2013models,
	author = {Tahmasebi, Nina N.},
	interhash = {53616df94218a34a24b77ace30e618e0},
	intrahash = {143920ef1c49abe416bfb77716259976},
	month = {november},
	school = {Gottfried Wilhelm Leibniz Universit√§t Hannover},
	title = {	
	Models and Algorithms for Automatic Detection of Language Evolution},
	url = {http://edok01.tib.uni-hannover.de/edoks/e01dh13/771705034.pdf},
	year = 2013
}