@inproceedings{DBLP:conf/cikm/Jatowt0BTD18,
  author    = {Adam Jatowt and
               Ricardo Campos and
               Sourav S. Bhowmick and
               Nina Tahmasebi and
               Antoine Doucet},
  title     = {Every Word has its History: Interactive Exploration and Visualization
               of Word Sense Evolution},
  booktitle = {Proceedings of the 27th {ACM} International Conference on Information
               and Knowledge Management, {CIKM} 2018, Torino, Italy, October 22-26,
               2018},
  pages     = {1899--1902},
  year      = {2018},
  crossref  = {DBLP:conf/cikm/2018},
  url       = {http://doi.acm.org/10.1145/3269206.3269218},
  doi       = {10.1145/3269206.3269218},
  timestamp = {Thu, 25 Oct 2018 07:48:29 +0200},
  biburl    = {https://dblp.org/rec/bib/conf/cikm/Jatowt0BTD18},
  bibsource = {dblp computer science bibliography, https://dblp.org}
}

@proceedings{DBLP:conf/cikm/2018,
  editor    = {Alfredo Cuzzocrea and
               James Allan and
               Norman W. Paton and
               Divesh Srivastava and
               Rakesh Agrawal and
               Andrei Z. Broder and
               Mohammed J. Zaki and
               K. Sel{\c{c}}uk Candan and
               Alexandros Labrinidis and
               Assaf Schuster and
               Haixun Wang},
  title     = {Proceedings of the 27th {ACM} International Conference on Information
               and Knowledge Management, {CIKM} 2018, Torino, Italy, October 22-26,
               2018},
  publisher = {{ACM}},
  year      = {2018},
  url       = {http://dl.acm.org/citation.cfm?id=3269206},
  isbn      = {978-1-4503-6014-2},
  timestamp = {Thu, 25 Oct 2018 07:48:29 +0200},
  biburl    = {https://dblp.org/rec/bib/conf/cikm/2018},
  bibsource = {dblp computer science bibliography, https://dblp.org}
}

