@book{nina_tahmasebi_2021_5040241,
  author       = {Nina Tahmasebi and
                  Lars Borin and
                  Adam Jatowt and
                  Yang Xu and
                  Simon Hengchen},
  title        = {Computational approaches to semantic change},
  publisher    = {Language Science Press},
  year         = 2021,
  address      = {Berlin},
  month        = jun,
  doi          = {10.5281/zenodo.5040241},
  url          = {https://doi.org/10.5281/zenodo.5040241}
}