@inproceedings{conf/jcdl/TahmasebiNTR10,
	author = {Tahmasebi, Nina and Niklas, Kai and Theuerkauf, Thomas and Risse, Thomas},
	booktitle = {Proc. of 10th ACM/IEEE Joint Conference on Digital Libraries (JCDL), Surfers Paradise, Gold Coast, Australia, June 21- 25, 2010},
	interhash = {0c00c5b69e96f0999c8fe6760a6f07c8},
	intrahash = {aa3ce92fd3df220678a4606dd6b1d989},
	pages = {89-98},
	title = {Using Word Sense Discrimination on Historic Document Collections},
	url = {http://dl.acm.org/citation.cfm?doid=1816123.1816137},
	year = 2010
}