@InProceedings{R17-1001,
  author = 	"Abualhaija, Sallam
		and Tahmasebi, Nina
		and Forin, Diane
		and Zimmermann, Karl-Heinz",
  title = 	"Parameter Transfer across Domains for Word Sense Disambiguation",
  booktitle = 	"Proceedings of the International Conference Recent Advances in Natural Language Processing, RANLP 2017",
  year = 	"2017",
  publisher = 	"INCOMA Ltd.",
  pages = 	"1--8",
  location = 	"Varna, Bulgaria",
  doi = 	"10.26615/978-954-452-049-6_001",
  url = 	"https://doi.org/10.26615/978-954-452-049-6_001"
}