@inproceedings{Tpdl2012,
	address = {Berlin / Heidelberg},
	affiliation = {L3S Research Center, Appelstr. 9a, Hannover, Germany},
	author = {Tahmasebi, Nina and Gossen, Gerhard and Risse, Thomas},
	booktitle = {Theory and Practice of Digital Libraries},
	doi = {10.1007/978-3-642-33290-6_4},
	editor = {Zaphiris, Panayiotis and Buchanan, George and Rasmussen, Edie and Loizides, Fernando},
	interhash = {e95bb269b552cec7340715683f6d833a},
	intrahash = {005c36818f63040b542c2e5d47d27e99},
	isbn = {978-3-642-33289-0},
	keyword = {Computer Science},
	pages = {32-37},
	publisher = {Springer},
	series = {Lecture Notes in Computer Science},
	title = {Which Words Do You Remember? Temporal Properties of Language Use in Digital Archives},
	url = {http://dx.doi.org/10.1007/978-3-642-33290-6_4},
	volume = 7489,
	year = 2012
}