@article{AmbientBloom2012,
	author = {Pogorelc, Bogdan and Lugmayr, Artur and Stockleben, Björn and Vatavu, Radu-Daniel and Tahmasebi, Nina and Serral, Estefanía and Stojmenova, Emilija and Imperl, Bojan and Risse, Thomas and Zenz, Gideon and Gams, Matjaž},
	doi = {10.1007/s11042-012-1228-4},
	interhash = {6948a93bd3bce4e56364cd6aa32d1835},
	intrahash = {40a732e5077b88a19aa1accec7c5077f},
	issn = {1380-7501},
	journal = {Multimedia Tools and Applications},
	language = {English},
	pages = {1-26},
	publisher = {Springer US},
	title = {Ambient bloom: new business, content, design and models to increase the semantic ambient media experience},
	url = {http://dx.doi.org/10.1007/s11042-012-1228-4},
	year = 2012
}