@inproceedings{Iwaw2010,
	author = {Tahmasebi, Nina and Zenz, Gideon and Iofciu, Tereza and Risse, Thomas},
	booktitle = {Proc. of 10th International Web Archiving Workshop in conjunction with iPRES in Vienna, Austria, 2010},
	interhash = {6b758a95474834665ea4250758829419},
	intrahash = {971a195d335ffa25fc9545df015e7278},
	title = {Terminology Evolution Module for Web Archives in the LiWA Context},
	url = {http://www.l3s.de/~risse/pub/iwaw2010.pdf},
	year = 2010
}