

@inproceedings{DBLP:conf/lrec/RoucesTBE18,
  author    = {Jacobo Rouces and
               Nina Tahmasebi and
               Lars Borin and
               Stian R{\o}dven Eide},
  title     = {SenSALDO: Creating a Sentiment Lexicon for Swedish},
  booktitle = {Proceedings of the Eleventh International Conference on Language Resources
               and Evaluation, {LREC} 2018, Miyazaki, Japan, May 7-12, 2018.},
  year      = {2018},
  crossref  = {DBLP:conf/lrec/2018},
  timestamp = {Fri, 18 May 2018 10:35:14 +0200},
  biburl    = {https://dblp.org/rec/bib/conf/lrec/RoucesTBE18},
  bibsource = {dblp computer science bibliography, https://dblp.org}
}

@proceedings{DBLP:conf/lrec/2018,
  editor    = {Nicoletta Calzolari and
               Khalid Choukri and
               Christopher Cieri and
               Thierry Declerck and
               Sara Goggi and
               K{\^{o}}iti Hasida and
               Hitoshi Isahara and
               Bente Maegaard and
               Joseph Mariani and
               H{\'{e}}l{\`{e}}ne Mazo and
               Asunci{\'{o}}n Moreno and
               Jan Odijk and
               Stelios Piperidis and
               Takenobu Tokunaga},
  title     = {Proceedings of the Eleventh International Conference on Language Resources
               and Evaluation, {LREC} 2018, Miyazaki, Japan, May 7-12, 2018},
  publisher = {European Language Resources Association {(ELRA)}},
  year      = {2018},
  url       = {http://www.lrec-conf.org/lrec2018},
  timestamp = {Fri, 18 May 2018 10:34:43 +0200},
  biburl    = {https://dblp.org/rec/bib/conf/lrec/2018},
  bibsource = {dblp computer science bibliography, https://dblp.org}
}

