@conference{TimeForChange2019,
title = "Time for change: Evaluating models of semantic change without evaluation tasks",
keywords = "6121 Languages",
author = "Haim Dubossarsky and Simon Hengchen and Nina Tahmasebi and Dominik Schlechtweg",
year = "2019",
month = "11",
day = "19",
language = "English",
note = "Cambridge Language Sciences Annual Symposium 2019<br/> : Perspectives on Language Change ; Conference date: 19-11-2019 Through 19-11-2019",
}
