@inproceedings{ArXiV-Tahmasebi18,
  author    = {Tahmasebi, Nina and Borin, Lars and Jatowt, Adam},
  title     = {Survey of Computational Approaches to Lexical Semantic Change},
  booktitle = {Preprint at ArXiv 2018.},
  year      = {2018},
  url    = {https://arxiv.org/abs/1811.06278},
 }

