@inproceedings{Eide-StianRødven2016-250073,
  adress = {Linköping},
  author = {Eide, Stian Rødven and Tahmasebi, Nina and Borin, Lars},
  booktitle = {Digital Humanities 2016. From Digitization to Knowledge 2016: Resources and Methods for Semantic Processing of Digital Works/Texts, July 11, 2016, Krakow, Poland},
  isbn = {978-91-7685-733-5},
  issn = {1650-3740},
  pages = {8--12},
  publisher = {Linköping University Electronic Press},
  title = {The Swedish Culturomics Gigaword Corpus: A One Billion Word Swedish Reference Dataset for NLP},
  year = 2016
}

