@inproceedings{fokas2012,
	address = {Mumbai, India},
	author = {Holzmann, Helge and Gossen, Gerhard and Tahmasebi, Nina},
	booktitle = {Proceedings of the 24th International Conference on                Computational Linguistics (Coling 2012)},
	editor = {Kay, Martin and Boitet, Christian},
	interhash = {e95e448c55c398e0551ec0b958d06d8d},
	intrahash = {45889d8c7e4e4c742a6c35537f5e74cd},
	month = dec,
	publisher = {Coling 2012 Organizing Committee},
	title = {fokas: Formerly Known As -- A Search Engine Incorporating Named Entity Evolution},
	url = {http://L3S.de/neer-dataset/fokas.html},
	year = 2012
}