@article{tahmasebi2013applicability,
	author = {Tahmasebi, Nina and Niklas, Kai and Zenz, Gideon and Risse, Thomas},
	doi = {10.1007/s00799-013-0105-8},
	interhash = {b231a2213b971dbaf693f4d833e351c6},
	intrahash = {b4c75101245fac4c159e3de4b49e15d6},
	issn = {1432-5012},
	journal = {International Journal on Digital Libraries},
	language = {English},
	number = {3-4},
	pages = {135-153},
	publisher = {SpriSpringer Berlin Heidelberg},
	title = {On the applicability of word sense discrimination on 201 years of modern english},
	url = {http://dx.doi.org/10.1007/s00799-013-0105-8},
	volume = 13,
	year = 2013
}