@dataset{tahmasebi_nina_2020_3672950,
  author       = {Tahmasebi, Nina and
                  Hengchen, Simon and
                  Schlechtweg, Dominik and
                  McGillivray, Barbara and
                  Dubossarsky, Haim},
  title        = {{Swedish Test Data for SemEval 2020 Task 1: 
                   Unsupervised Lexical Semantic Change Detection}},
  month        = feb,
  year         = 2020,
  note         = {{The creation of the data was supported by the 
                   project Towards Computational Lexical Semantic
                   Change Detection funded  by a project grant from
                   the Swedish Research Council  (2019–2022;   dnr
                   2018-01184).  It has also been created as part of
                   the effort to construct and develop a Swedish
                   national research infrastructure in support of
                   research based on language data. This
                   infrastructure -- Nationella språkbanken (the
                   Swedish National Language Bank) -- is jointly
                   funded for the period 2018--2024 by the Swedish
                   Research Council (grant number 2017-00626) and its
                   10 partner institutions.}},
  publisher    = {Zenodo},
  version      = {v1},
  doi          = {10.5281/zenodo.3672950},
  url          = {https://doi.org/10.5281/zenodo.3672950}
}