@inproceedings{DBLP:conf/dhn/Tahmasebi18,
  author    = {Nina Tahmasebi},
  title     = {A Study on Word2Vec on a Historical Swedish Newspaper Corpus},
  booktitle = {Proceedings of the Digital Humanities in the Nordic Countries 3rd
               Conference, {DHN} 2018, Helsinki, Finland, March 7-9, 2018.},
  pages     = {25--37},
  year      = {2018},
  crossref  = {DBLP:conf/dhn/2018},
  url       = {http://ceur-ws.org/Vol-2084/paper2.pdf},
  timestamp = {Thu, 03 May 2018 18:06:47 +0200},
  biburl    = {https://dblp.org/rec/bib/conf/dhn/Tahmasebi18},
  bibsource = {dblp computer science bibliography, https://dblp.org}
}

@proceedings{DBLP:conf/dhn/2018,
  editor    = {Eetu M{\"{a}}kel{\"{a}} and
               Mikko Tolonen and
               Jouni Tuominen},
  title     = {Proceedings of the Digital Humanities in the Nordic Countries 3rd
               Conference, {DHN} 2018, Helsinki, Finland, March 7-9, 2018},
  series    = {{CEUR} Workshop Proceedings},
  volume    = {2084},
  publisher = {CEUR-WS.org},
  year      = {2018},
  url       = {http://ceur-ws.org/Vol-2084},
  urn       = {urn:nbn:de:0074-2084-4},
  timestamp = {Thu, 03 May 2018 18:01:30 +0200},
  biburl    = {https://dblp.org/rec/bib/conf/dhn/2018},
  bibsource = {dblp computer science bibliography, https://dblp.org}
}
