
@inproceedings{conf/otm/Tahmasebi09,
	author = {Tahmasebi, Nina},
	booktitle = {OTM Workshops},
	editor = {Meersman, Robert and Herrero, Pilar and Dillon, Tharam S.},
	ee = {http://dx.doi.org/10.1007/978-3-642-05290-3_93},
	interhash = {fb9a2aabad97a562571522ac933035c7},
	intrahash = {19ad43dd4de95b5e923a80578187712c},
	isbn = {978-3-642-05289-7},
	pages = {769-778},
	publisher = {Springer},
	series = {Lecture Notes in Computer Science},
	title = {Automatic Detection of Terminology Evolution.},
	url = {https://link.springer.com/chapter/10.1007%2F978-3-642-05290-3_93},
	volume = 5872,
	year = 2009
}
