@misc{adam_jatowt_2021_5040320,
  author       = {Adam Jatowt and
                  Nina Tahmasebi and
                  Lars Borin},
  title        = {{Computational approaches to lexical semantic 
                   change: Visualization systems and novel
                   applications}},
  month        = jun,
  year         = 2021,
  publisher    = {Language Science Press},
  doi          = {10.5281/zenodo.5040320},
  url          = {https://doi.org/10.5281/zenodo.5040320}
}