@InProceedings{Nodalida2017Proc,
  author = 	"Tiedemann, J{\"o}rg
		and Tahmasebi, Nina",
  title = 	"Proceedings of the 21st Nordic Conference on Computational Linguistics",
  booktitle = 	"Proceedings of the 21st Nordic Conference on Computational Linguistics",
  year = 	"2017",
  publisher = 	"Association for Computational Linguistics",
  location = 	"Gothenburg, Sweden",
  url = 	"http://aclweb.org/anthology/W17-0200"
}
