@inproceedings{Grid2011,
	author = {Kunz, Christopher and Tahmasebi, Nina and Risse, Thomas and Smith, Matthew},
	booktitle = {Proceedings of the 12th IEEE/ACM Conference on Grid Computing},
	interhash = {6f3bff6afa8bca9c8eb6346fc9251bb5},
	intrahash = {08ceaaed0d0428288dcefda5b2884779},
	publisher = {IEEE},
	title = {Detecting Credential Abuse in the Grid using Bayesian Networks},
	url = {http://ieeexplore.ieee.org/document/6076506/},
	year = 2011
}