
@article{zenz2012towards,
	author = {Zenz, Gideon and Tahmasebi, Nina and Risse, Thomas},
	doi = {10.1007/s11042-011-0973-0},
	interhash = {9beaa66e44d91cdd11dc185970b67036},
	intrahash = {afe5fea429ecb083327250eda7f40932},
	issn = {1380-7501},
	journal = {Multimedia Tools and Applications},
	language = {English},
	pages = {147-159},
	publisher = {Springer US},
	title = {Towards mobile language evolution exploitation},
	url = {http://dx.doi.org/10.1007/s11042-011-0973-0},
	volume = 66,
	year = 2012
}
