@InProceedings{R17-1095,
  author = 	"Tahmasebi, Nina
		and Risse, Thomas",
  title = 	"Finding Individual Word Sense Changes and their Delay in Appearance",
  booktitle = 	"Proceedings of the International Conference Recent Advances in Natural Language Processing, RANLP 2017",
  year = 	"2017",
  publisher = 	"INCOMA Ltd.",
  pages = 	"741--749",
  location = 	"Varna, Bulgaria",
  doi = 	"10.26615/978-954-452-049-6_095",
  url = 	"https://doi.org/10.26615/978-954-452-049-6_095"
}
