@InProceedings{W15-1805,
  author = 	"Ahlberg, Malin
		and Andersson, Peter
		and Forsberg, Markus
		and Tahmasebi, Nina",
  title = 	"A case study on supervised classification of Swedish pseudo-coordination",
  booktitle = 	"Proceedings of the 20th Nordic Conference of Computational Linguistics      (NODALIDA 2015)     ",
  year = 	"2015",
  publisher = 	"Link{\"o}ping University Electronic Press, Sweden",
  pages = 	"11--19",
  location = 	"Vilnius, Lithuania",
  url = 	"http://aclweb.org/anthology/W15-1805"
}
