@misc{tahmasebi2023computational,
      title={Computational modeling of semantic change}, 
      author={Nina Tahmasebi and Haim Dubossarsky},
      year={2023},
      eprint={2304.06337},
      archivePrefix={arXiv},
      primaryClass={cs.CL}
}
