@misc{nina_tahmasebi_2021_5040302,
  author       = {Nina Tahmasebi and
                  Lars Borin and
                  Adam Jatowt},
  title        = {{Survey of computational approaches to lexical 
                   semantic change detection}},
  month        = jun,
  year         = 2021,
  publisher    = {Language Science Press},
  doi          = {10.5281/zenodo.5040302},
  url          = {https://doi.org/10.5281/zenodo.5040302}
}