@misc{tahmasebi_nina_2017_495572,
  author       = {Tahmasebi, Nina and
                  Risse, Thomas},
  title        = {Word Sense Change Testset},
  month        = jun,
  year         = 2017,
  note         = {{This work has been funded in parts by the project 
                   "Towards a knowledge-based culturomics" supported
                   by a framework grant from the Swedish Research
                   Council (2012--2016; dnr 2012-5738). This work is
                   also in parts funded by the European Research
                   Council under Alexandria (ERC 339233) and the
                   European Community's H2020 Program under SoBigData
                   (RIA 654024).}},
  doi          = {10.5281/zenodo.495572},
  url          = {https://doi.org/10.5281/zenodo.495572}
}