@inproceedings{Neer2012,
	address = {Mumbai, India},
	author = {Tahmasebi, Nina and Gossen, Gerhard and Kanhabua, Nattiya and Holzmann, Helge and Risse, Thomas},
	booktitle = {Proceedings of the 24th International Conference on Computational Linguistics (Coling 2012)},
	editor = {Kay, Martin and Boitet, Christian},
	interhash = {2897a494e406df9f84b5993587fde599},
	intrahash = {1a639294c8d3dd083c679ba1224b9b52},
	month = dec,
	publisher = {Coling 2012 Organizing Committee},
	title = {NEER: An Unsupervised Method for Named Entity Evolution Recognition},
	url = {http://L3S.de/neer-dataset/},
	year = 2012
}