@inproceedings{ACL2019-TimeOut,
  author    = {Dubossarsky, Haim and Hengchen, Simon and Tahmasebi, Nina and Schlechtweg, Dominik},
  title     = {Time-Out: Temporal Referencing for Robust Modeling of Lexical Semantic Change},
  booktitle = {To appear at 57th Annual Meeting of the Association for Computational Linguistics (ACL2019) },
  year      = {2019},
  url    = {https://arxiv.org/abs/1906.01688},
 }

