 @article{Periti_2023,
title={Studying Word Meaning Evolution through Incremental Semantic Shift Detection: A Case Study of Italian Parliamentary Speeches},
url={http://dx.doi.org/10.36227/techrxiv.24210915.v1},
DOI={10.36227/techrxiv.24210915.v1},
publisher={Institute of Electrical and Electronics Engineers (IEEE)},
author={Periti, Francesco and Picascia, Sergio and Montanelli, Stefano and Ferrara, Alfio and Tahmasebi, Nina},
year={2023},
month=oct }
