@inproceedings{Sda2013,
	author = {Tahmasebi, Nina and Risse, Thomas},
	bibsource = {DBLP, http://dblp.uni-trier.de},
	booktitle = {Proc. of 3rd International Workshop on Semantic Digital Archives},
	editor = {Predoiu, Livia and Mitschick, Annett and N{\"u}rnberger, Andreas and Risse, Thomas and Ross, Seamus},
	interhash = {42a155bdef19c3b29d966002a711beda},
	intrahash = {c2b1c5ce75e028d3c6b1161725e0db1b},
	pages = {16-27},
	publisher = {CEUR-WS.org},
	series = {CEUR Workshop Proceedings},
	title = {The Role of Language Evolution in Digital Archives},
	url = {http://ceur-ws.org/Vol-1091/paper2.pdf},
	volume = 1091,
	year = 2013
}