@InProceedings{W14-1504,
  author = 	"K{\aa}geb{\"a}ck, Mikael
		and Mogren, Olof
		and Tahmasebi, Nina
		and Dubhashi, Devdatt",
  title = 	"Extractive Summarization using Continuous Vector Space Models",
  booktitle = 	"Proceedings of the 2nd Workshop on Continuous Vector Space Models and their Compositionality (CVSC)",
  year = 	"2014",
  publisher = 	"Association for Computational Linguistics",
  pages = 	"31--39",
  location = 	"Gothenburg, Sweden",
  doi = 	"10.3115/v1/W14-1504",
  url = 	"http://aclweb.org/anthology/W14-1504"
}
