@article{borin2017sweclarin,
  added-at = {2018-10-22T23:09:11.000+0200},
  author = {Borin, Lars and Tahmasebi, Nina and Volodina, Elena and Ekman, Stefan and Jordan, Caspar and Viklund, Jon and Megyesi, Beáta and Näsman, Jesper and Palmér, Anne and Wirén, Mats and Björkenstam, Kristina and Grigonyte, Gintare and Gustafson Capková, Sofia and Kosiński, Tomasz},
 description = {Publisher M. Jeusfeld c/o Redaktion Sun SITE, Informatik V, RWTH Aachen},
  editor = {Koraljka Golub, Marcelo Milra},
  journal = {Digital Humanities 2016. Extended Papers of the International Symposium on Digital Humanities (DH 2016) Växjö, Sweden, November, 7-8, 2016. },
  title = {Swe-Clarin: Language resources and technology for Digital Humanities},
  volume = {Vol-2021},
  year = 2017
}
