@misc{simon_hengchen_2021_5040322,
  author       = {Simon Hengchen and
				   Nina Tahmasebi and
				   Dominik Schlechtweg and
				   Haim Dubossarsky},
  title        = {{Challenges for computational lexical semantic change}},
  month        = jun,
  year         = 2021,
  publisher    = {Language Science Press},
  doi          = {10.5281/zenodo.5040322},
  url          = {https://doi.org/10.5281/zenodo.5040322}
}