@inproceedings{tahmasebi2009first,
	author = {Tahmasebi, Nina and Ramesh, Sukriti and Risse, Thomas},
	booktitle = {9th International Web Archiving Workshop (IWAW 2009) in conjunction with ECDL 2009, Corfu, Greece},
	interhash = {386746db5143fbfd34f01a93a7cc4beb},
	intrahash = {d03b31251198bf586d4a6e83dc6d7132},
	title = {First Results on Detecting Term Evolutions},
	url = {http://www.l3s.de/~risse/pub/iwaw2009.pdf},
	year = 2009
}