@inproceedings{holzmann2013blogneer,
	author = {Holzmann, Helge and Tahmasebi, Nina and Risse, Thomas},
	bibsource = {DBLP, http://dblp.uni-trier.de},
	booktitle = {Proc. of 3rd International Workshop on Semantic Digital Archives},
	crossref = {DBLP:conf/ercimdl/2013sda},
	editor = {Predoiu, Livia and Mitschick, Annett and N{\"u}rnberger, Andreas and Risse, Thomas and Ross, Seamus},
	interhash = {34a76c51f609be3d5c57460949f189c7},
	intrahash = {8c2b4136a1cb12009c8def4237407ee7},
	pages = {28-39},
	publisher = {CEUR-WS.org},
	series = {CEUR Workshop Proceedings},
	title = {BlogNEER: Applying Named Entity Evolution Recognition on the Blogosphere},
	url = {http://ceur-ws.org/Vol-1091/paper3.pdf},
	volume = 1091,
	year = 2013
}